<?xml version="1.0" encoding="UTF-8"?><collection xmlns="http://www.loc.gov/MARC21/slim"><record><leader>00386nam--2200121-i-4500</leader><controlfield tag="001">000043618</controlfield><controlfield tag="002">20161230</controlfield><controlfield tag="005">20161230201044</controlfield><controlfield tag="008">060222s1000------------r-----000-0-eng-d</controlfield><datafield ind1=" " ind2=" " tag="245"><subfield code="a">Strontium 90 in human diet in the united kingdom 1958</subfield></datafield><datafield ind1=" " ind2=" " tag="260"><subfield code="a">London, Her Majestsy`S Stationery Office, 1959, X+75p</subfield></datafield><datafield ind1=" " ind2=" " tag="490"><subfield code="a">Agricultural Research Council. Radiolbiological Laboratory</subfield></datafield><datafield ind1=" " ind2=" " tag="852"><subfield code="a">16112</subfield></datafield></record></collection>